@ARTICLE{raey,
  author = {Breiman, Leo},
  title = {Random Forests},
  journal = {Machine Learning},
  year = {2001},
  volume = {45},
  pages = {5-32},
  number = {1},
  doi = {10.1023/A:1010933404324},
  issn = {0885-6125},
  keywords = {classification; regression; ensemble},
  language = {English},
  publisher = {Kluwer Academic Publishers},
  url = {http://dx.doi.org/10.1023/A%3A1010933404324}
}

@article{segal2004machine,
  title={Machine learning benchmarks and random forest regression},
  author={Segal, Mark R},
  journal={Center for Bioinformatics \& Molecular Biostatistics},
  year={2004}
}

@inproceedings{kumar2006forecasting,
  title={Forecasting stock index movement: A comparison of support vector machines and random forest},
  author={Kumar, Manish and Thenmozhi, M},
  booktitle={Indian Institute of Capital Markets 9th Capital Markets Conference Paper},
  year={2006}
}

@article{pant1990innocents,
  title={Innocents in the forest: Forecasting and research methods},
  author={Pant, P Narayan and Starbuck, William H},
  journal={Journal of Management},
  volume={16},
  number={2},
  pages={433--460},
  year={1990},
  publisher={Sage Publications}
}

