@article{vafaeipour2014application,
  title={Application of sliding window technique for prediction of wind velocity time series},
  author={Vafaeipour, Majid and Rahbari, Omid and Rosen, Marc A and Fazelpour, Farivar and Ansarirad, Pooyandeh},
  journal={International Journal of Energy and Environmental Engineering},
  volume={5},
  number={2-3},
  pages={1--7},
  year={2014},
  publisher={Springer}
}

@article{loess,
  title={STL: A seasonal-trend decomposition procedure based on loess},
  author={Cleveland, Robert B and Cleveland, William S and McRae, Jean E and Terpenning, Irma},
  journal={Journal of Official Statistics},
  volume={6},
  number={1},
  pages={3--73},
  year={1990}
}

